% This file was created with JabRef 2.10.
% Encoding: UTF-8


@InCollection{Abramowitz,
  Title                    = {Handbook of mathematical functions with formulas, graphs, and mathematical table},
  Author                   = {Abramowitz, M. and Stegun, I.A.},
  Booktitle                = {US Department of Commerce},
  Publisher                = {National Bureau of Standards Applied Mathematics series 55},
  Year                     = {1965}
}
@article{random_phase,
  title = {A Collective Description of Electron Interactions. I. Magnetic Interactions},
  author = {Bohm, David and Pines, David},
  journal = {Phys. Rev.},
  volume = {82},
  issue = {5},
  pages = {625},
  numpages = {0},
  year = {1951},
  month = {Jun},
  publisher = {American Physical Society},
  doi = {10.1103/PhysRev.82.625},
  url = {https://link.aps.org/doi/10.1103/PhysRev.82.625}
}
@article{dfpt1,
  title = {Dielectric tensor, effective charges, and phonons in \ensuremath{\alpha}-quartz by variational density-functional perturbation theory},
  author = {Gonze, Xavier and Allan, Douglas C. and Teter, Michael P.},
  journal = {Phys. Rev. Lett.},
  volume = {68},
  issue = {24},
  pages = {3606},
  year = {1992},
  month = {Jun},
  publisher = {American Physical Society},
  doi = {10.1103/PhysRevLett.68.3603},
  url = {https://link.aps.org/doi/10.1103/PhysRevLett.68.3603}
}
@article{dfpt2,
  title = {Green's-function approach to linear response in solids},
  author = {Baroni, Stefano and Giannozzi, Paolo and Testa, Andrea},
  journal = {Phys. Rev. Lett.},
  volume = {58},
  issue = {18},
  pages = {1864},
  numpages = {0},
  year = {1987},
  month = {May},
  publisher = {American Physical Society},
  doi = {10.1103/PhysRevLett.58.1861},
  url = {https://link.aps.org/doi/10.1103/PhysRevLett.58.1861}
}
@Article{rpa_correlation_energies,
  author    = {Andreas Heßelmann and Andreas Görling},
  title     = {Random phase approximation correlation energies with exact Kohn–Sham exchange},
  journal   = {Molecular Physics},
  year      = {2010},
  volume    = {108},
  number    = {3-4},
  pages     = {72},
  doi       = {10.1080/00268970903476662},
  eprint    = {https://doi.org/10.1080/00268970903476662},
  publisher = {Taylor \& Francis},
  url       = { 
        https://doi.org/10.1080/00268970903476662}
}
@article{mgo_wrong_convergence,
author = {Li, Qiaofen and Tu, Yan and Yang, Lanlan and Tolner, Harm},
title = {Deep-UV exciton emission from $\text{Mg}_{1−x}\text{Ca}_{x}\text{O}$ - A first-principle investigation},
journal = {Jnl Soc Info Display},
volume = {22},
number = {11},
pages = {564},
keywords = {first principles, exciton, the Bethe–Salpeter equation, absorption spectrum, UV emission, exo-emission},
doi = {https://doi.org/10.1002/jsid.288},
url = {https://onlinelibrary.wiley.com/doi/abs/10.1002/jsid.288},
year = {2014}
}


@article{mbpt_correlation,
  title = {Relativistic optimized-potential method: Exact transverse exchange and M\o{}ller-Plesset-based correlation potential},
  author = {Engel, E. and Facco Bonetti, A. and Keller, S. and Andrejkovics, I. and Dreizler, R. M.},
  journal = {Phys. Rev. A},
  volume = {58},
  issue = {2},
  pages = {964},
  numpages = {0},
  year = {1998},
  month = {Aug},
  publisher = {American Physical Society},
  doi = {10.1103/PhysRevA.58.964},
  url = {https://link.aps.org/doi/10.1103/PhysRevA.58.964}
}
@article{exact_exchange,
  title = {New KS Method for Molecules Based on an Exchange Charge Density Generating the Exact Local KS Exchange Potential},
  author = {G\"orling, Andreas},
  journal = {Phys. Rev. Lett.},
  volume = {83},
  issue = {26},
  pages = {5459},
  numpages = {0},
  year = {1999},
  month = {Dec},
  publisher = {American Physical Society},
  doi = {10.1103/PhysRevLett.83.5459},
  url = {https://link.aps.org/doi/10.1103/PhysRevLett.83.5459}
}
@article{exact_exchange2,
  title = {Exact Exchange Treatment for Molecules in Finite-Basis-Set Kohn-Sham Theory},
  author = {Ivanov, Stanislav and Hirata, So and Bartlett, Rodney J.},
  journal = {Phys. Rev. Lett.},
  volume = {83},
  issue = {26},
  pages = {5455},
  numpages = {0},
  year = {1999},
  month = {Dec},
  publisher = {American Physical Society},
  doi = {10.1103/PhysRevLett.83.5455},
  url = {https://link.aps.org/doi/10.1103/PhysRevLett.83.5455}
}

@article{mbpt_correlation2,
author = {Engel, E. and Dreizler, R. M.},
title = {From explicit to implicit density functionals},
journal = {Journal of Computational Chemistry},
volume = {20},
number = {1},
pages = {50},
keywords = {density functional theory, exchange-correlation potential, optimized potential method, van-der-Waals forces, atomic correlation energies},
doi = {https://doi.org/10.1002/(SICI)1096-987X(19990115)20:1<31::AID-JCC6>3.0.CO;2-P},
url = {https://onlinelibrary.wiley.com/doi/abs/10.1002/%28SICI%291096-987X%2819990115%2920%3A1%3C31%3A%3AAID-JCC6%3E3.0.CO%3B2-P},
eprint = {https://onlinelibrary.wiley.com/doi/pdf/10.1002/%28SICI%291096-987X%2819990115%2920%3A1%3C31%3A%3AAID-JCC6%3E3.0.CO%3B2-P},
year = {1999}
}



@article{simple_x,
title = {SIMPLE code: Optical properties with optimal basis functions},
journal = {Computer Physics Communications},
volume = {240},
pages = {106-119},
year = {2019},
issn = {0010-4655},
doi = {https://doi.org/10.1016/j.cpc.2019.02.016},
url = {https://www.sciencedirect.com/science/article/pii/S0010465519300682},
author = {Gianluca Prandini and Mario Galante and Nicola Marzari and Paolo Umari},
keywords = {Bethe–Salpeter equation, Excitons, Optimal basis, Band interpolations, Optical properties, Dielectric function, Drude plasma frequency}
}

@Book{lapw,
  Title                    = {Planewaves, Pseudopotentials and the LAPW Method},
  Author                   = {Singh , D. J. and Nordstrom, L.},
  Publisher                = {Springer US},
  Year                     = {1994},
  doi                      = {10.1007/978-0-387-29684-5},
}

@Article{hk64,
  Title                    = {Inhomogeneous Electron Gas},
  Author                   = {Hohenberg, P. and Kohn, W.},
  Journal                  = {Phys. Rev.},
  Year                     = {1964},
  Volume                   = {136},
  pages = {B864},
  doi                      = {10.1103/PhysRev.136.B864},
}

@Article{ks65,
  Title                    = {Self-Consistent Equations Including Exchange and Correlation Effects},
  Author                   = {Hohenberg, P. and Sham, L. J.},
  Journal                  = {Phys. Rev.},
  Year                     = {1965},
  Volume                   = {140},
  pages = {A1133},
  doi                      = {10.1103/PhysRev.140.A1133}
}
@article{gw_method,
	doi = {10.1088/0034-4885/61/3/002},
	url = {https://doi.org/10.1088%2F0034-4885%2F61%2F3%2F002},
	year = 1998,
	month = {mar},
	publisher = {{IOP} Publishing},
	volume = {61},
	number = {3},
	pages = {237},
	author = {F Aryasetiawan and O Gunnarsson},
	title = {{The GW method}},
	journal = {Reports on Progress in Physics},
	
}


@book{gan_data,
author = {Hadis Morkoç},
publisher = {John Wiley & Sons, Ltd},
isbn = {9783527628414},
title = {Handbook of Nitride Semiconductors and Devices},
chapter = {},
doi = {10.1002/9783527628438},

year = {2008},
abstract = {Summary The prelims comprise: Half-Title Page Related Titles Title Page Copyright Page Contents Preface}
}


@article{zno_bse,
  title = {Ab initio calculation of excitons in ZnO},
  author = {Laskowski, Robert and Christensen, Niels Egede},
  journal = {Phys. Rev. B},
  volume = {73},
  issue = {4},
  year = {2006},
  month = {Jan},
  pages = {045201},
  publisher = {American Physical Society},
  doi = {10.1103/PhysRevB.73.045201},
  url = {https://link.aps.org/doi/10.1103/PhysRevB.73.045201}
}

@article{zns_bse,
  title = {Bethe-Salpeter equation approach with electron-phonon coupling for exciton binding energies},
  author = {Adamska, Lyudmyla and Umari, Paolo},
  journal = {Phys. Rev. B},
  volume = {103},
  issue = {7},
  year = {2021},
  pages = {075201},
  month = {Feb},
  publisher = {American Physical Society},
  doi = {10.1103/PhysRevB.103.075201},
  url = {https://link.aps.org/doi/10.1103/PhysRevB.103.075201}
}
@article{ga_ex2,
	doi = {10.1143/apex.1.011202},
	url = {https://doi.org/10.1143/apex.1.011202},
	year = 2008,
	month = {jan},
	publisher = {{IOP} Publishing},
	volume = {1},
	number = {1},
	pages = {011202},
	author = {Takayoshi Oshima and Takeya Okuno and Naoki Arai and Norihito Suzuki and Shigeo Ohira and Shizuo Fujita},
	title = {Vertical Solar-Blind Deep-Ultraviolet Schottky Photodetectors Based on $\beta$-$\text{Ga}_2\text{O}_3$ Substrates},
	journal = {Applied Physics Express}
}

@article{ga_ex1,
author = {Ueda,Naoyuki  and Hosono,Hideo  and Waseda,Ryuta  and Kawazoe,Hiroshi },
title = {Anisotropy of electrical and optical properties in $\beta$-$\text{Ga}_2\text{O}_3$ single crystals},
journal = {Applied Physics Letters},
volume = {71},
number = {7},
pages = {933-935},
year = {1997},
doi = {10.1063/1.119693},

URL = { 
        https://doi.org/10.1063/1.119693
    
},
eprint = { 
        https://doi.org/10.1063/1.119693
    
}

}



@article{exciton_perovskites,
  title={Excitons versus free charges in organo-lead tri-halide perovskites.},
  author={D’innocenzo, Valerio and Grancini, Giulia and Alcocer, Marcelo JP and Kandada, Ajay Ram Srimath and Stranks, Samuel D and Lee, Michael M and Lanzani, Guglielmo and Snaith, Henry J and Petrozza, Annamaria},
  journal={Nature communications},
  year={2014},
  volume={5},
  pages={3586},
  doi={10.1038/ncomms4586}
}
@article{strinati1988application,
  title={Application of the Green’s functions method to the study of the optical properties of semiconductors},
  author={Strinati, G},
  journal={Riv. Nuovo Cim.},
  volume={11},
  number={12},
  year={1988},
  pages={1},
  doi={10.1007/BF02725962},
  publisher={Springer}
}

@article{exciting,
	doi = {10.1088/0953-8984/26/36/363202},
	year = 2014,
	volume = {26},
	number = {36},
  author={Gulans, Andris and Kontur, Stefan and Meisenbichler, Christian and Nabok, Dmitrii and Pavone, Pasquale and Rigamonti, Santiago and Sagmeister, Stephan and Werner, Ute and Draxl, Claudia},
	title = {exciting: a full-potential all-electron package implementing density-functional theory and many-body perturbation theory},
	pages={363202},
	journal = {Journal of Physics: Condensed Matter},
}

@article{apw+lo,
title = "An alternative way of linearizing the augmented plane-wave method",
journal = "Solid State Communications",
volume = "114",
number = "1",
year = "2000",
doi = "https://doi.org/10.1016/S0038-1098(99)00577-3",
author = "E Sjöstedt and L Nordström and D.J Singh",
	pages={15},
}

@book{bechstedt2016many,
  title={Many-Body Approach to Electronic Excitations},
  author={Bechstedt, F.},
  year={2016},
  publisher={Springer},
  address = {Berlin},
  doi={10.1007/978-3-662-44593-8},
}

@book{fetterwalecka,
author = {Fetter, A. and Walecka, J.},
year = {2003},
publisher={Dover Pub., New York},
title = {Quantum Theory of Many-Particle System},
doi = {10.1063/1.3071096}
}
@book{reining_int_el, 
    title={Interacting Electrons: Theory and Computational Approaches}, 
    DOI={10.1017/CBO9781139050807}, publisher={Cambridge University Press}, 
    author={Martin, Richard M. and Reining, Lucia and Ceperley, David M.}, 
    year={2016}
}

@article{hedin1965new,
  title = {New Method for Calculating the One-Particle Green's Function with Application to the Electron-Gas Problem},
  author = {Hedin, Lars},
  journal = {Phys. Rev.},
  volume = {139},
  issue = {3A},
  pages = {A796},
  year = {1965},
  month = {Aug},

  publisher = {American Physical Society},
  doi = {10.1103/PhysRev.139.A796},
  url = {https://link.aps.org/doi/10.1103/PhysRev.139.A796}
}


@article{quantumespresso,
	doi = {10.1088/0953-8984/21/39/395502},
	url = {https://doi.org/10.1088%2F0953-8984%2F21%2F39%2F395502},
	year = 2009,
	month = {sep},
	publisher = {{IOP} Publishing},
	volume = {21},
	number = {39},
	pages = {395502},
	author = {Paolo Giannozzi and others},
	title = {\textsc{Q\!u\!a\!n\!t\!u\!m}~ESPRESSO: a modular and open-source software project for quantum simulations of materials},
	journal = {Journal of Physics: Condensed Matter},
}


@article{gonze_lee,
  title = {Dynamical matrices, Born effective charges, dielectric permittivity tensors, and interatomic force constants from density-functional perturbation theory},
  author = {Gonze, X. and Lee, C.},
  journal = {Phys. Rev. B},
  volume = {55},
  issue = {16},
  year = {1997},
  month = {Apr},
  pages = {10355},
  publisher = {American Physical Society},
  doi = {10.1103/PhysRevB.55.10355},
}

@article{rohlf_louie_2000,
  title = {Electron-hole excitations and optical spectra from first principles},
  author = {Rohlfing, M. and Louie, S. G.},
  journal = {Phys. Rev. B},
  volume = {62},
  issue = {8},
  year = {2000},
  month = {Aug},
  pages = {4927},
  publisher = {American Physical Society},
  doi = {10.1103/PhysRevB.62.4927},
}

@article{rohlf_louie_1998,
  title = {Electron-Hole Excitations in Semiconductors and Insulators},
  author = {Rohlfing, Michael and Louie, Steven G.},
  journal = {Phys. Rev. Lett.},
  volume = {81},
  issue = {11},
  pages = {2312},
  year = {1998},
  month = {Sep},
  publisher = {American Physical Society},
  doi = {10.1103/PhysRevLett.81.2312},
  url = {https://link.aps.org/doi/10.1103/PhysRevLett.81.2312}
}


@article{rohlfing_dynscreen_2009,
  title = {Excited states of biological chromophores studied using many-body perturbation theory: Effects of resonant-antiresonant coupling and dynamical screening},
  author = {Ma, Yuchen and Rohlfing, Michael and Molteni, Carla},
  journal = {Phys. Rev. B},
  volume = {80},
  issue = {24},
  numpages = {4},
  year = {2009},
  month = {Dec},
  publisher = {American Physical Society},
  doi = {10.1103/PhysRevB.80.241405},
  url = {https://link.aps.org/doi/10.1103/PhysRevB.80.241405}
}

@article{draxl_gan,
  title = {Ab initio calculations of excitons in GaN},
  author = {Laskowski, Robert and Christensen, Niels Egede and Santi, Gilles and Ambrosch-Draxl, Claudia},
  journal = {Phys. Rev. B},
  volume = {72},
  issue = {3},
  pages = {035204},
  year = {2005},
  month = {Jul},
  publisher = {American Physical Society},
  doi = {10.1103/PhysRevB.72.035204},
  url = {https://link.aps.org/doi/10.1103/PhysRevB.72.035204}
}

@article{Freysoldt_Eggert_Rinke_Schindlmayr_Godby_Scheffler_2007, title={Dielectric anisotropy in the GW space–time method}, volume={176}, DOI={10.1016/j.cpc.2006.07.018}, number={1}, journal={Computer Physics Communications}, publisher={Elsevier}, author={Freysoldt, Christoph and Eggert, Philipp and Rinke, Patrick and Schindlmayr, Arno and Godby, Rex W. and Scheffler, Matthias}, year={2007}, pages = {1}}

@phdthesis{pusching_phd,
author = {Puschnig, P.},
year = {2002},
month = {01},
title = {Excitonic Effects in Organic Semi-Conductors - An Ab-initio Study within the LAPW Method}
}

@article{baroni_phonons,
  title = {Phonons and related crystal properties from density-functional perturbation theory},
  author = {Baroni, S. and others},
  journal = {Rev. Mod. Phys.},
  volume = {73},
  issue = {2},
  year = {2001},
  month = {Jul},
  publisher = {American Physical Society},
  doi = {10.1103/RevModPhys.73.515},
}

@article{pavone_phonons,
  title = {Ab initio calculation of phonon dispersions in semiconductors},
  author = {Giannozzi, P. and de Gironcoli, S. and Pavone, P. and Baroni, S.},
  journal = {Phys. Rev. B},
  volume = {43},
  issue = {9},
  pages = {7231},
  year = {1991},
  month = {Mar},
  publisher = {American Physical Society},
  doi = {10.1103/PhysRevB.43.7231},
  url = {https://link.aps.org/doi/10.1103/PhysRevB.43.7231}
}

@article{rohlf_louie_dynscreen98,
  title = {Excitonic Effects and the Optical Absorption Spectrum of Hydrogenated Si Clusters},
  author = {Rohlfing, Michael and Louie, Steven G.},
  journal = {Phys. Rev. Lett.},
  volume = {80},
  issue = {15},
  pages = {3320},
  year = {1998},
  month = {Apr},
  publisher = {American Physical Society},
  doi = {10.1103/PhysRevLett.80.3320},
  url = {https://link.aps.org/doi/10.1103/PhysRevLett.80.3320}
}

@article{froehlich,
author = { Fr\"ohlich, H. },
title = {Electrons in lattice fields},
journal = {Advances in Physics},
volume = {3},
number = {11},
year  = {1954},
publisher = {Taylor & Francis},
doi = {10.1080/00018735400101213},
pages = {325},
URL = { 
        https://doi.org/10.1080/00018735400101213
},
}
@phdthesis{sagmeister,
author = {Sagmeister, Stephan},
year = {2009},
month = {08},
pages = {},
title = {Excitonic Effects in Solids: Time-Dependent Density Functional Theory versus the Bethe-Salpeter Equation},
doi = {10.13140/RG.2.1.2338.9921}
}

@article{Giustino,
  title = {Electron-phonon interactions from first principles},
  author = {Giustino, F.},
  journal = {Rev. Mod. Phys.},
  volume = {89},
  issue = {1},
  numpages = {63},
  year = {2017},
  month = {Feb},
  pages = {015003},
  publisher = {American Physical Society},
  doi = {10.1103/RevModPhys.89.015003},
}

@article{gius_verdi,
  title = {Fr\"ohlich Electron-Phonon Vertex from First Principles},
  author = {Verdi, Carla and Giustino, Feliciano},
  journal = {Phys. Rev. Lett.},
  volume = {115},
  issue = {17},
pages = {176401},
  year = {2015},
  month = {Oct},
  publisher = {American Physical Society},
  doi = {10.1103/PhysRevLett.115.176401},
  url = {https://link.aps.org/doi/10.1103/PhysRevLett.115.176401},
}

@article{lif_lattice,
author = {Dressler, L. and Griebner, U. and Kittner, R.},
title = {Precision measurement of lattice parameters in LiF monocrystals},
journal = {Crystal Research and Technology},
volume = {22},
number = {11},
pages = {1435},
doi = {https://doi.org/10.1002/crat.2170221116},
url = {https://onlinelibrary.wiley.com/doi/abs/10.1002/crat.2170221116},
eprint = {https://onlinelibrary.wiley.com/doi/pdf/10.1002/crat.2170221116},
abstract = {Abstract The methodic possibilities of measurements by the Bond-method for a highly precise determination of the lattice parameters in block structures with small block desorientation angles in the region of angular seconds or angular minutes (LiF crystals) have been examined. The lattice distorsion in two planes perpendicular to the (001) surface of crystalis described. The same planes have also been examined by elastooptic methods. In both planes we got for the lattice parameters: a1 \& a2 > a3 (a1 and a2 parallel to the surface of crystal, a3 perpendicular to the surface of crystal); i.e. we could observe a dilatation of the unit cell parallel to the surface of the crystal. Special results concerning the distribution of local lattice parameters along the surface of sample are discussed in connection with the results of elastooptic observations.},
year = {1987}
}

@article{mgo_lattice,
  title={Structure and elasticity of MgO at high pressure},
  author={B. Karki and L. Stixrude and S. Clark and M. C. Warren and G. Ackland and J. Crain},
  journal={American Mineralogist},
  year={1997},
  volume={82},
  pages={60}
}

@book{zns_lattice,
  title={Basic Solid State Chemistry},
  author={A. R. West},
  year={1988},
  publisher={Wiley}
}

@article{gan_lattice,
author = {Leszczynski, M. and others},
year = {1996},
month = {07},
pages = {75},
title = {Lattice parameters of gallium nitride},
volume = {69},
journal = {Applied Physics Letters},
doi = {10.1063/1.118123}
}

@article{pbesol,
  title = {Assessing the performance of recent density functionals for bulk solids},
  author = {Csonka, G\'abor I. and Perdew, John P. and Ruzsinszky, Adrienn and Philipsen, Pier H. T. and Leb\`egue, S\'ebastien and Paier, Joachim and Vydrov, Oleg A. and \'Angy\'an, J\'anos G.},
  journal = {Phys. Rev. B},
  volume = {79},
  issue = {15},
  pages = {155107},
  numpages = {14},
  year = {2009},
  month = {Apr},
  publisher = {American Physical Society},
  doi = {10.1103/PhysRevB.79.155107},
  url = {https://link.aps.org/doi/10.1103/PhysRevB.79.155107}
}

@article{zno_lattice,
title = {Structural and spectroscopic analysis of wurtzite (ZnO)1−x(Sb2O3)x composite semiconductor},
journal = {Progress in Natural Science: Materials International},
volume = {25},
number = {2},
pages = {136},
year = {2015},
doi = {https://doi.org/10.1016/j.pnsc.2015.02.003},
url = {https://www.sciencedirect.com/science/article/pii/S1002007115000192},
author = {Hafeez Ullah and Amjid Iqbal and M. Zakria and Arshad Mahmood},
keywords = {(ZnO)(SbO), Semiconductors, XRD, Raman spectroscopy, Impedance spectroscopy},
}


@article{Vorwerk_2019,
	doi = {10.1088/2516-1075/ab3123},
	url = {https://doi.org/10.1088%2F2516-1075%2Fab3123},
	year = 2019,
	month = {Aug.},
	publisher = {{IOP} Publishing},
	volume = {1},
	number = {3},
	author = {Christian Vorwerk and Benjamin Aurich and Caterina Cocchi and Claudia Draxl},
	title = {Bethe{\textendash}Salpeter equation for absorption and scattering spectroscopy: implementation in the exciting code},
	pages = {037001},
	journal = {Electronic Structure},
}

@article{fuchs_08,
  title = {Efficient $\mathcal{O}({N}^{2})$ approach to solve the Bethe-Salpeter equation for excitonic bound states},
  author = {Fuchs, F. and R\"odl, C. and Schleife, A. and Bechstedt, F.},
  journal = {Phys. Rev. B},
  volume = {78},
  issue = {8},
  pages = {085103},
  year = {2008},
  month = {Aug},
  publisher = {American Physical Society},
  doi = {10.1103/PhysRevB.78.085103},
  url = {https://link.aps.org/doi/10.1103/PhysRevB.78.085103}
}

@article{highly_ionic,
  title = {Quasiparticle bands and optical spectra of highly ionic crystals: AlN and NaCl},
  author = {Bechstedt, F. and Seino, K. and Hahn, P. H. and Schmidt, W. G.},
  journal = {Phys. Rev. B},
  volume = {72},
  issue = {24},
  numpages = {12},
  year = {2005},
  month = {Dec},
  pages = {245114},
  publisher = {American Physical Society},
  doi = {10.1103/PhysRevB.72.245114},
  url = {https://link.aps.org/doi/10.1103/PhysRevB.72.245114}
}

@book{cardona2005fundamentals,
  publisher="Springer",
  title={Fundamentals of semiconductors},
  author={Yu, Peter Y and Cardona, Manuel},
  year={2005},
  address={Berlin},
  doi={10.1007/978-3-642-00710-1},
}

@incollection{CARDONA2011125,
title =  "Optical Properties of Semiconductors",
editor = "Pallab Bhattacharya and Roberto Fornari and Hiroshi Kamimura",
booktitle = "Comprehensive Semiconductor Science and Technology",
publisher = "Elsevier",
address = "Amsterdam",
year = "2011",
isbn = "978-0-444-53153-7",
doi = "https://doi.org/10.1016/B978-0-44-453153-7.00073-0",
url = "http://www.sciencedirect.com/science/article/pii/B9780444531537000730",
author = "M. Cardona and P.Y. Yu"
}

@article{zns_exc_bind,
author = {Pässler, R. and others},
year = {1999},
month = {10},
pages = {4403},
title = {Temperature dependence of exciton peak energies in ZnS, ZnSe, and ZnTe epitaxial films},
volume = {86},
journal = {Journal of Applied Physics},
doi = {10.1063/1.371378}
}

@article{REIMANN1998652,
title = "Exciton binding energies and band gaps in GaN bulk crystals",
journal = "Journal of Crystal Growth",
volume = "189-190",
year = "1998",
pages = "652",
issn = "0022-0248",
doi = "https://doi.org/10.1016/S0022-0248(98)00236-X",
url = "http://www.sciencedirect.com/science/article/pii/S002202489800236X",
author = "K Reimann and M Steube and D Fröhlich and S.J Clarke",
keywords = "Gallium nitride, Two-photon spectroscopy, Photoluminescence, Excitons, Electronic band structure",
abstract = "Photoluminescence and two-photon measurements were performed on hexagonal bulk GaN. From photoluminescence we have obtained the energies of free 1S excitons, from two-photon spectroscopy the energies of 2P excitons. These results together allow an accurate determination of exciton binding energies and band gaps"
}

@book{Goodwin2005,
author="Goodwin, Frank
and Guruswamy, Sivaraman
and Kainer, Karl U.
and Kammer, Catrin
and Knabl, Wolfram
and Koethe, Alfred
and Leichtfried, Gerhard
and Schlamp, G{\"u}nther
and Stickler, Roland
and Warlimont, Hans",
editor="Martienssen, Werner
and Warlimont, Hans",
title="Metals",
bookTitle="Springer Handbook of Condensed Matter and Materials Data",
year="2005",
month="",
publisher="Springer ",
address="Berlin",
isbn="978-3-540-30437-1",
doi="10.1007/3-540-30437-1_5",
url="https://doi.org/10.1007/3-540-30437-1_5"
}

@article{lst_rel,
  title = {On the Polar Vibrations of Alkali Halides},
  author = {Lyddane, R. H. and Sachs, R. G. and Teller, E.},
  journal = {Phys. Rev.},
  volume = {59},
  issue = {8},
  pages = {673},
  numpages = {0},
  year = {1941},
  month = {Apr},
  publisher = {American Physical Society},
  doi = {10.1103/PhysRev.59.673},
  url = {https://link.aps.org/doi/10.1103/PhysRev.59.673}
}


@Inbook{Gross1996,
author="Gross, E. K. U.
and Dobson, J. F.
and Petersilka, M.",
editor="Nalewajski, R. F.",
title="Density functional theory of time-dependent phenomena",
bookTitle="Density Functional Theory II: Relativistic and Time Dependent Extensions",
year="1996",
publisher="Springer ",
address="Berlin",
isbn="978-3-540-49946-6",
doi="10.1007/BFb0016643",
url="https://doi.org/10.1007/BFb0016643"
}

@article{delsole_fiorino,
  title = {Macroscopic dielectric tensor at crystal surfaces},
  author = {Del Sole, R. and Fiorino, E.},
  journal = {Phys. Rev. B},
  volume = {29},
  issue = {8},
  year = {1984},
  month = {Apr},
  publisher = {American Physical Society},
  pages = {4631},
  doi = {10.1103/PhysRevB.29.4631},
  url = {https://link.aps.org/doi/10.1103/PhysRevB.29.4631}
}

@article{hybertsen1986electron,
  title={Electron correlation in semiconductors and insulators: Band gaps and quasiparticle energies},
  author={Hybertsen, Mark S and Louie, Steven G},
  journal={Phys. Rev. B},
  volume={34},
  number={8},
  year={1986},
  pages = {5390},
  publisher={APS},
  doi = {10.1103/PhysRevB.34.5390},

}

@article{HIBBERD201668,
title = "Dielectric response of wurtzite gallium nitride in the terahertz frequency range",
journal = "Solid State Communications",
volume = "247",
year = "2016",
issn = "0038-1098",
doi = "https://doi.org/10.1016/j.ssc.2016.08.017",
url = "http://www.sciencedirect.com/science/article/pii/S0038109816302113",
author = "M.T. Hibberd and V. Frey and B.F. Spencer and P.W. Mitchell and P. Dawson and M.J. Kappers and R.A. Oliver and C.J. Humphreys and D.M. Graham",
keywords = "A. Gallium nitride, C. Wurtzite, D. Dielectric constants, E. Terahertz spectroscopy",
}

@article{lif_gap,
  title = {Thermoreflectance of LiF between 12 and 30 eV},
  author = {Piacentini, M. and Lynch, D. W. and Olson, C. G.},
  journal = {Phys. Rev. B},
  volume = {13},
  issue = {12},
  pages = {5530},
  year = {1976},
  month = {Jun},
  publisher = {American Physical Society},
  doi = {10.1103/PhysRevB.13.5530},
  url = {https://link.aps.org/doi/10.1103/PhysRevB.13.5530}
}

@article{low_cost,
  title = {Low-cost alternatives to the Bethe-Salpeter equation: Towards simple hybrid functionals for excitonic effects in solids},
  author = {Sun, Jiuyu and Yang, Jinlong and Ullrich, Carsten A.},
  journal = {Phys. Rev. Research},
  volume = {2},
  issue = {1},
  pages = {013091},
  year = {2020},
  month = {Jan},
  publisher = {American Physical Society},
  doi = {10.1103/PhysRevResearch.2.013091},
  url = {https://link.aps.org/doi/10.1103/PhysRevResearch.2.013091}
}

@article{mgo_charges,
  title = {Ab initio Molecular Dynamics in a Finite Homogeneous Electric Field},
  author = {Umari, P. and Pasquarello, Alfredo},
  journal = {Phys. Rev. Lett.},
  volume = {89},
  issue = {15},
  pages = {157602},
  numpages = {4},
  year = {2002},
  month = {Sep},
  publisher = {American Physical Society},
  doi = {10.1103/PhysRevLett.89.157602},
  url = {https://link.aps.org/doi/10.1103/PhysRevLett.89.157602}
}

@book{mgo_data,
  title = {Springer Handbook of Condensed Matter and Materials
Data},
  editor = {Werner Martienssen and Hans Warlimont},
  numpages = {4},
  year = {2005},
  publisher = {Springer, Berlin},
  doi = {10.1007/3-540-30437-1},
}

@article{zns_charges,
  title = {Elastic properties of semiconductors studied by extended H\"uckel theory},
  author = {Kitamura, Michihide and Muramatsu, Shinji and Harrison, Walter A.},
  journal = {Phys. Rev. B},
  volume = {46},
  issue = {3},
  pages = {1351},
  year = {1992},
  month = {Jul},
  publisher = {American Physical Society},
  doi = {10.1103/PhysRevB.46.1351},
  url = {https://link.aps.org/doi/10.1103/PhysRevB.46.1351}
}

@article{gan_charges,
  title = {Ab initio phonon dispersions of wurtzite AlN, GaN, and InN},
  author = {Bungaro, Claudia and Rapcewicz, Krzysztof and Bernholc, J.},
  journal = {Phys. Rev. B},
  volume = {61},
  issue = {10},
  year = {2000},
  month = {mar},
  pages = {6720},
  publisher = {American Physical Society},
  doi = {10.1103/PhysRevB.61.6720},
  url = {https://link.aps.org/doi/10.1103/PhysRevB.61.6720}
}

@article{lif_tensor,
  title = {Pressure and Temperature Dependence of the Static Dielectric Constants of KCl, NaCl, LiF, and MgO},
  author = {Bartels, R. A. and Smith, P. A.},
  journal = {Phys. Rev. B},
  volume = {7},
  issue = {8},
  pages = {3885},
  numpages = {0},
  year = {1973},
  month = {Apr},
  publisher = {American Physical Society},
  doi = {10.1103/PhysRevB.7.3885},
  url = {https://link.aps.org/doi/10.1103/PhysRevB.7.3885}
}

@article{gan_tensor,
author = {Davydov, Sergei},
year = {2009},
month = {06},
pages = {1231},
title = {Estimates of the Spontaneous Polarization and Permittivities of AlN, GaN, InN, and SiC Crystals},
volume = {51},
journal = {Physics of The Solid State},
doi = {10.1134/S1063783409060249}
}

@article{lif_charges,
   title={Ab initio Hartree-Fock Born effective charges of LiH, LiF, LiCl, NaF, and NaCl},
   volume={61},
   ISSN={1095},
   url={http://dx.doi.org/10.1103/PhysRevB.61.13277},
   DOI={10.1103/physrevb.61.13277},
   number={19},
   journal={Phys. Rev. B},
   publisher={American Physical Society (APS)},
   author={Shukla, Alok},
   year={2000},
   month={May},
   pages={13277}
}

@incollection{zno_exc,
title = {Chapter 16 - Zinc Oxide Materials and Devices Grown by Molecular Beam Epitaxy},
editor = {Mohamed Henini},
booktitle = {Molecular Beam Epitaxy},
publisher = {Elsevier},year = {2018},
isbn = {978-0-12-812136-8},
doi = {https://doi.org/10.1016/B978-0-12-812136-8.00016-5},
url = {https://www.sciencedirect.com/science/article/pii/B9780128121368000165},
author = {Ümit Özgür and Vitaliy Avrutin and Hadis Morkoç},


}


@article{zno_data,
  title={Infrared dielectric functions and phonon modes of high-quality ZnO films},
  author={Ashkenov, N and others},
  journal={Journal of Applied Physics},
  volume={93},
  number={1},
  pages={126},
  year={2003},
  publisher={American Institute of Physics},
  doi = {10.1063/1.1526935},
URL = { 
        https://doi.org/10.1063/1.1526935
},
eprint = { 
        https://doi.org/10.1063/1.1526935
    
}
}


@ARTICLE{lif_epss,
       author = {{Andeen}, Carl and {Fontanella}, John and {Schuele}, Donald},
        title = "{Low-Frequency Dielectric Constant of LiF, NaF, NaCl, NaBr, KCl, and KBr by the Method of Substitution}",
      journal = {\prb},
         year = 1970,
        month = dec,
       volume = {2},
       number = {12},
          doi = {10.1103/PhysRevB.2.5068},
       adsurl = {https://ui.adsabs.harvard.edu/abs/1970PhRvB...2.5068A},
      adsnote = {Provided by the SAO/NASA Astrophysics Data System}
}

@article{lif_phonon,
  title = {Lattice Dynamics of Lithium Fluoride},
  author = {Dolling, G. and Smith, H. G. and Nicklow, R. M. and Vijayaraghavan, P. R. and Wilkinson, M. K.},
  journal = {Phys. Rev.},
  volume = {168},
  issue = {3},
  pages = {970},
  year = {1968},
  month = {Apr},
  publisher = {American Physical Society},
  doi = {10.1103/PhysRev.168.970},
  url = {https://link.aps.org/doi/10.1103/PhysRev.168.970}
}


@Article{Bechstedt_compensation,
  Title                    = {Compensation of dynamical quasiparticle and vertex corrections in optical spectra},
  Author                   = {Bechstedt, F and Tenelsen, K and Adolph, B and Del Sole, R},
  Journal                  = {Phys. Rev. Lett.},
  Year                     = {1997},
  Number                   = {8},
  Volume                   = {78},
  Publisher                = {APS},
  pages = {1528},
  doi = {10.1103/PhysRevLett.78.1528},

}

@article{bechstedt,
author = {Bechstedt, F. and Furthmüller, Jürgen},
year = {2019},
month = {03},
pages = {122101},
title = {Influence of screening dynamics on excitons in Ga2O3 polymorphs},
volume = {114},
journal = {Applied Physics Letters},
doi = {10.1063/1.5084324}
}

@PhdThesis{FabioPhD,
  Title                    = {Self-consistent GW approach for the unified description of ground and excited states of finite systems},
  Author                   = {Caruso, F.},
  Year                     = {2013}
}

@Article{gwMethodARYA,
  Title                    = {The GW method},
  Author                   = {F. Aryasetiawan, O. Gunnarsson},
  Journal                  = {Rep. Prog. Phys.},
  Year                     = {1998},
  Timestamp                = {2018.10.01}
}



@Article{ModelCAPPELINI,
  Title                    = {Model dielectric function for semiconductors},
  Author                   = {G. Cappellini, R. Del Sole, Lucia Reining, F. Bechstedt},
  Journal                  = {Phys. Rev. B},
  Year                     = {1993},

  Owner                    = {huebner},
  Timestamp                = {2018.10.01}
}



@Article{electronicExcitationsONIDA,
  Title                    = {Electronic excitations: density-functional versus many-body
Green’s-function approaches},
  Author                   = {Giovanni O., Lucia Reining, Angel Rubio},
  Journal                  = {Rev. Mod. Phys.},
  Year                     = {2002},

  Owner                    = {huebner},
  Timestamp                = {2018.10.01}
}

@Book{Vignale,
  Title                    = {Quantum theory of the electron liquid},
  Author                   = {Giuliani, G. and Vignale, G.},
  Publisher                = {Cambridge university press},
  Year                     = {2005}
}




@Book{GrossoParravicini,
  Title                    = {Solid State Physics},
  Author                   = {Grosso,G. and Parravicini,G. P.},
  Publisher                = {Elsevier},
  Year                     = {2000},
  doi = {https://doi.org/10.1016/B978-0-12-304460-0.X5000-2}
}






@Article{TransportEpgHOLSTEIN,
  Title                    = {Theory of Transport Phenomena in
an Electron-Phonon Gas},
  Author                   = {T. Holstein},
  Journal                  = {Ann. Phys.},
  Year                     = {1964},

  Owner                    = {huebner},
  Timestamp                = {2018.10.01}
}



@Book{Huang,
  Title                    = {Statistical Mechanics},
  Author                   = {Huang, K.},
  Publisher                = {John Wiley and Sons, Inc},
  Year                     = {1987},

  Owner                    = {huebner},
  Timestamp                = {2018.10.12}
}





@Article{epiCARBOTTE,
  Title                    = {Impact of electron-phonon coupling on near-field optical spectra in graphene},
  Author                   = {J. P. Carbotte, J. P. F. LeBlanc, Phillip E. C. Ashby},
  Journal                  = {Phys. Rev. B},
  Year                     = {2013},

  Owner                    = {huebner},
  Timestamp                = {2018.10.01}
}



@Book{KadanoffBaym,
  Title                    = {Quantum Statistical Mechanics},
  Author                   = {Kadanoff,L. P. and Baym, G.},
  Publisher                = {Perseus Books},
  Year                     = {1962},

  Owner                    = {huebner},
  Timestamp                = {2018.10.05}
}

